<record><leader>00000cas a2200000 a 4500</leader><controlfield tag="001">14575029</controlfield><controlfield tag="007">ha afu---huuu</controlfield><controlfield tag="008">861030d17891803dcuwr nea     0    0eng c</controlfield><datafield ind1=" " ind2=" " tag="010"><subfield code="a">  2014252025</subfield></datafield><datafield ind1=" " ind2=" " tag="040"><subfield code="a">IPL</subfield><subfield code="b">eng</subfield><subfield code="c">IPL</subfield><subfield code="d">OCL</subfield><subfield code="d">OCLCQ</subfield><subfield code="d">OCLCG</subfield><subfield code="d">KNV</subfield><subfield code="d">OCLCQ</subfield><subfield code="d">OCLCO</subfield><subfield code="d">OCLCF</subfield><subfield code="d">WAU</subfield></datafield><datafield ind1=" " ind2=" " tag="042"><subfield code="a">pcc</subfield></datafield><datafield ind1=" " ind2=" " tag="043"><subfield code="a">n-us-ky</subfield></datafield><datafield ind1=" " ind2=" " tag="092"><subfield code="a">071.4811</subfield><subfield code="b">F877</subfield></datafield><datafield ind1="0" ind2=" " tag="130"><subfield code="a">Kentucky gazette (Lexington, Ky. : 1789)</subfield></datafield><datafield ind1="1" ind2="0" tag="245"><subfield code="a">Kentucky gazette</subfield><subfield code="h">[microform].</subfield></datafield><datafield ind1=" " ind2="1" tag="264"><subfield code="a">Lexington [Ky.] :</subfield><subfield code="b">John Bradford,</subfield><subfield code="c">1789-1803.</subfield></datafield><datafield ind1=" " ind2=" " tag="300"><subfield code="a">14 v. ;</subfield><subfield code="c">42-55 cm.</subfield></datafield><datafield ind1=" " ind2=" " tag="310"><subfield code="a">Weekly,</subfield><subfield code="b">Jan. 3, 1798-1803</subfield></datafield><datafield ind1=" " ind2=" " tag="321"><subfield code="a">Weekly,</subfield><subfield code="b">1789-Dec. 31, 1796</subfield></datafield><datafield ind1=" " ind2=" " tag="321"><subfield code="a">Semiweekly,</subfield><subfield code="b">Jan. 4-Dec. 30, 1797</subfield></datafield><datafield ind1=" " ind2=" " tag="336"><subfield code="a">text</subfield><subfield code="b">txt</subfield><subfield code="2">rdacontent</subfield></datafield><datafield ind1=" " ind2=" " tag="337"><subfield code="a">microform</subfield><subfield code="b">h</subfield><subfield code="2">rdamedia</subfield></datafield><datafield ind1=" " ind2=" " tag="338"><subfield code="a">microfilm reel</subfield><subfield code="b">hd</subfield><subfield code="2">rdacarrier</subfield></datafield><datafield ind1="1" ind2=" " tag="362"><subfield code="a">Began with: Vol. 2, no. 29 (Mar. 14, 1789); ceased with: v. 16, no. 852 (Jan. 11, 1803).</subfield></datafield><datafield ind1=" " ind2=" " tag="500"><subfield code="a">Publisher: Daniel Bradford, 1802-1803.</subfield></datafield><datafield ind1=" " ind2=" " tag="500"><subfield code="a">References: Evans 20442; Brigham, C.S. Amer. newspapers, p. 163.</subfield></datafield><datafield ind1=" " ind2=" " tag="588"><subfield code="a">Description based on: Vol. 2, no. 29 (Mar. 14, 1789); title from masthead.</subfield></datafield><datafield ind1=" " ind2=" " tag="588"><subfield code="a">Latest issue consulted: Vol. 16, no. 852 (Jan. 11, 1803).</subfield></datafield><datafield ind1=" " ind2=" " tag="533"><subfield code="a">Microfilm.</subfield><subfield code="b">Washington, D.C. :</subfield><subfield code="c">Library of Congress Photoduplication Service [for] Ohio Historical Society.</subfield><subfield code="e">microfilm reels ; 35 mm.</subfield></datafield><datafield ind1=" " ind2="0" tag="651"><subfield code="a">Lexington (Ky.)</subfield><subfield code="v">Newspapers.</subfield></datafield><datafield ind1=" " ind2="0" tag="651"><subfield code="a">Fayette County (Ky.)</subfield><subfield code="v">Newspapers.</subfield></datafield><datafield ind1=" " ind2="7" tag="651"><subfield code="a">Kentucky</subfield><subfield code="z">Fayette County.</subfield><subfield code="2">fast</subfield><subfield code="0">(OCoLC)fst01206953</subfield></datafield><datafield ind1=" " ind2="7" tag="651"><subfield code="a">Kentucky</subfield><subfield code="z">Lexington.</subfield><subfield code="2">fast</subfield><subfield code="0">(OCoLC)fst01206432</subfield></datafield><datafield ind1=" " ind2="7" tag="655"><subfield code="a">Newspapers.</subfield><subfield code="2">fast</subfield><subfield code="0">(OCoLC)fst01423814</subfield></datafield><datafield ind1="1" ind2=" " tag="700"><subfield code="a">Bradford, John,</subfield><subfield code="d">1747-1830.</subfield></datafield><datafield ind1="1" ind2=" " tag="700"><subfield code="a">Bradford, Daniel,</subfield><subfield code="d">1787-1851.</subfield></datafield><datafield ind1=" " ind2=" " tag="752"><subfield code="a">United States</subfield><subfield code="b">Kentucky</subfield><subfield code="c">Fayette</subfield><subfield code="d">Lexington.</subfield></datafield><datafield ind1="1" ind2=" " tag="776"><subfield code="t">Kentucky gazette (Lexington, Ky. : 1789)</subfield><subfield code="w">(DLC)sn 82014782</subfield><subfield code="w">(OCoLC)8796976</subfield></datafield><datafield ind1="0" ind2="0" tag="780"><subfield code="t">Kentucke gazette</subfield><subfield code="w">(DLC)  2014252029</subfield><subfield code="w">(OCoLC)878838742</subfield></datafield><datafield ind1="0" ind2="0" tag="785"><subfield code="t">Kentucky gazette and general advertiser</subfield><subfield code="w">(DLC)  2014252026</subfield><subfield code="w">(OCoLC)878838910</subfield></datafield></record>